@article{belohlavek2008introduction,
  title={Introduction to formal concept analysis},
  author={Belohlavek, Radim},
  journal={Olomouc, UPOL, Faculty of Science, Department of Computer Science},
  year={2008}
}
@inproceedings{conf/cla/AndrewsO10,
  added-at = {2012-02-15T00:00:00.000+0100},
  author = {Andrews, Simon and Orphanides, Constantinos},
  biburl = {http://www.bibsonomy.org/bibtex/22d2a1eb3ffcabbbb67bfc384350689d3/dblp},
  booktitle = {CLA},
  crossref = {conf/cla/2010},
  editor = {Kryszkiewicz, Marzena and Obiedkov, Sergei A.},
  ee = {http://ceur-ws.org/Vol-672/paper10.pdf},
  interhash = {4018cc7b4abe7eaffbaf49596b5b277e},
  intrahash = {2d2a1eb3ffcabbbb67bfc384350689d3},
  keywords = {dblp},
  pages = {104-115},
  publisher = {CEUR-WS.org},
  series = {CEUR Workshop Proceedings},
  timestamp = {2012-02-16T11:33:13.000+0100},
  title = {Analysis of Large Data Sets using Formal Concept Lattices.},
  url = {http://dblp.uni-trier.de/db/conf/cla/cla2010.html#AndrewsO10},
  volume = 672,
  year = 2010
}
@article{blei2009topic,
  title={Topic models},
  author={Blei, David M and Lafferty, John D},
  journal={Text mining: classification, clustering, and applications},
  volume={10},
  pages={71},
  year={2009},
  publisher={Chapman \& Hall/CRC Data Mining and Knowledge Discovery Series}
}
@article{blei2012probabilistic,
  title={Probabilistic topic models},
  author={Blei, David M},
  journal={Communications of the ACM},
  volume={55},
  number={4},
  pages={77--84},
  year={2012},
  publisher={ACM}
}
